@article{Schinkel:2013,
      author         = "Schinkel, David and Ansorg, Marcus and Panosso Macedo,
                        Rodrigo",
      title          = "{Initial data for perturbed Kerr black holes on
                        hyperboloidal slices}",
      journal        = "Class. Quant. Grav.",
      volume         = "31",
      pages          = "165001",
      doi            = "10.1088/0264-9381/31/16/165001",
      year           = "2014",
      eprint         = "1301.6984",
      archivePrefix  = "arXiv",
      primaryClass   = "gr-qc",
      SLACcitation   = "%%CITATION = ARXIV:1301.6984;%%",
}

@article {Penrose:1965,
      author = {Penrose, R.},
      title = {Zero Rest-Mass Fields Including Gravitation: Asymptotic Behaviour},
      volume = {284},
      number = {1397},
      pages = {159--203},
      year = {1965},
      doi = {10.1098/rspa.1965.0058},
      publisher = {The Royal Society},
      issn = {0080-4630},
      journal = {Proceedings of the Royal Society of London A: Mathematical, Physical and Engineering Sciences}
}
